<?xml version="1.0" encoding="UTF-8"?><collection xmlns="http://www.loc.gov/MARC21/slim"><record><leader>00478nam--2200181-i-4500</leader><controlfield tag="001">000016222</controlfield><controlfield tag="002">20161230</controlfield><controlfield tag="005">20170222164903</controlfield><controlfield tag="008">060222s1000------------r-----000-0-eng-d</controlfield><datafield ind1=" " ind2=" " tag="040"><subfield code="a">IFIN-HH</subfield></datafield><datafield ind1=" " ind2=" " tag="080"><subfield code="a">02.0(023)</subfield></datafield><datafield ind1="1" ind2=" " tag="100"><subfield code="a">Levitchi, Leon</subfield></datafield><datafield ind1="1" ind2="0" tag="245"><subfield code="a">Invatati limba engleza fara profesor</subfield><subfield code="c">Leon Levitchi, Dan Dutescu</subfield></datafield><datafield ind1=" " ind2=" " tag="260"><subfield code="a">Bucuresti</subfield><subfield code="b">Editura Stiintifica</subfield><subfield code="c">1960</subfield></datafield><datafield ind1=" " ind2=" " tag="300"><subfield code="a">631 p</subfield></datafield><datafield ind1="1" ind2=" " tag="700"><subfield code="a">Dutescu, Dan</subfield></datafield><datafield ind1=" " ind2=" " tag="852"><subfield code="a">76100</subfield><subfield code="c">4</subfield></datafield><datafield ind1=" " ind2=" " tag="CAT"><subfield code="a">SYS</subfield><subfield code="c">20170222</subfield><subfield code="h">164903</subfield></datafield></record></collection>